<record><leader>00000cas a22000007a 4500</leader><controlfield tag="001">21613280</controlfield><controlfield tag="008">900528d193219uugauwr ne      0    0eng d</controlfield><datafield ind1=" " ind2=" " tag="010"><subfield code="a">sn 90052240 </subfield></datafield><datafield ind1=" " ind2=" " tag="040"><subfield code="a">NLG</subfield><subfield code="b">eng</subfield><subfield code="c">NLG</subfield><subfield code="d">GUA</subfield><subfield code="d">OCLCQ</subfield><subfield code="d">OCLCF</subfield><subfield code="d">OCLCO</subfield></datafield><datafield ind1="1" ind2=" " tag="029"><subfield code="a">AU@</subfield><subfield code="b">000040600027</subfield></datafield><datafield ind1=" " ind2=" " tag="042"><subfield code="a">msc</subfield></datafield><datafield ind1=" " ind2=" " tag="043"><subfield code="a">n-us-ga</subfield></datafield><datafield ind1="0" ind2=" " tag="130"><subfield code="a">Hawkeye (Clyde, Ga.)</subfield></datafield><datafield ind1="1" ind2="4" tag="245"><subfield code="a">The hawkeye.</subfield></datafield><datafield ind1=" " ind2=" " tag="260"><subfield code="a">Clyde, Ga. :</subfield><subfield code="b">[J.R. Miller]</subfield></datafield><datafield ind1=" " ind2=" " tag="300"><subfield code="a">v.</subfield></datafield><datafield ind1=" " ind2=" " tag="310"><subfield code="a">Weekly</subfield></datafield><datafield ind1="1" ind2=" " tag="362"><subfield code="a">Began in 1932?</subfield></datafield><datafield ind1=" " ind2=" " tag="530"><subfield code="a">Also on microfilm: Athens, Ga. : University of Georgia Libraries.</subfield></datafield><datafield ind1=" " ind2=" " tag="588"><subfield code="a">Description based on: Old ser., v. 17, no. 21 (Aug. 26, 1932) = New ser., v. 1, no. 39.</subfield></datafield><datafield ind1=" " ind2="0" tag="651"><subfield code="a">Bryan County (Ga.)</subfield><subfield code="v">Newspapers.</subfield></datafield><datafield ind1=" " ind2="7" tag="655"><subfield code="a">Newspapers.</subfield><subfield code="2">fast</subfield><subfield code="0">(OCoLC)fst01423814</subfield></datafield><datafield ind1=" " ind2="7" tag="651"><subfield code="a">Georgia</subfield><subfield code="z">Bryan County.</subfield><subfield code="2">fast</subfield><subfield code="0">(OCoLC)fst01215081</subfield></datafield><datafield ind1=" " ind2=" " tag="752"><subfield code="a">United States</subfield><subfield code="b">Georgia</subfield><subfield code="c">Bryan</subfield><subfield code="d">Clyde.</subfield></datafield><datafield ind1="0" ind2="0" tag="780"><subfield code="t">Savannah hawkeye</subfield><subfield code="w">(DLC)sn 90052239</subfield><subfield code="w">(OCoLC)21613281</subfield></datafield></record>